<collection xmlns="http://www.loc.gov/MARC21/slim">
<record>
  <leader>00927nam0a22001811i 450 </leader>
  <controlfield tag="001">IT\ICCU\CNCE\073292</controlfield>
  <controlfield tag="005">20160524000000.0</controlfield>
  <datafield tag="100" ind1=" " ind2=" ">
    <subfield code="a">20080808d1584        0itac0103    ba</subfield>
  </datafield>
  <datafield tag="101" ind1=" " ind2=" ">
    <subfield code="a">ITA</subfield>
  </datafield>
  <datafield tag="102" ind1=" " ind2=" ">
    <subfield code="a">IT</subfield>
  </datafield>
  <datafield tag="200" ind1="1" ind2=" ">
    <subfield code="a">Gride, et ordini publicati in nome dell&apos;illu.mo et eccell.mo s. il sig. don Carlo d&apos;Aragon, duca di Terranuoua, &amp;c. gouernatore de lo stato di Milano, et capitan generale de la maest ̉cath. in Italia. Da li VIIII d&apos;aprile 1583 sin&apos; ̉li XXV gennaro 1584. Et da li 25 di gennaro sin alli XII d&apos;aprile del medesimo anno 1584</subfield>
  </datafield>
  <datafield tag="210" ind1=" " ind2=" ">
    <subfield code="a">In Milano</subfield>
    <subfield code="c">per Paolo Gottardo</subfield>
    <subfield code="d">et Leonardo Pontij</subfield>
    <subfield code="d">stampatori camerali</subfield>
    <subfield code="d">1584</subfield>
  </datafield>
  <datafield tag="215" ind1=" " ind2=" ">
    <subfield code="a">\4!, 134 p</subfield>
    <subfield code="d">4ʻ</subfield>
  </datafield>
  <datafield tag="620" ind1=" " ind2=" ">
    <subfield code="a">IT</subfield>
    <subfield code="d">Milano</subfield>
  </datafield>
  <datafield tag="710" ind1="0" ind2="2">
    <subfield code="a">Milano</subfield>
    <subfield code="c"> &lt;Ducato&gt;</subfield>
    <subfield code="3">6960</subfield>
  </datafield>
  <datafield tag="712" ind1="0" ind2="0">
    <subfield code="a">Da_Ponte, Paolo Gottardo &amp; Da_Ponte, Leonardo</subfield>
    <subfield code="3">IT\ICCU\CNCT\000810</subfield>
    <subfield code="4">650</subfield>
  </datafield>
  <datafield tag="801" ind1=" " ind2="3">
    <subfield code="a">IT</subfield>
    <subfield code="b">ICCU</subfield>
    <subfield code="c">20201115</subfield>
  </datafield>
  <datafield tag="899" ind1=" " ind2=" ">
    <subfield code="a">Biblioteca del Senato della Repubblica Giovanni Spadolini. Roma</subfield>
    <subfield code="1">RM0427</subfield>
    <subfield code="2">ZRM 12</subfield>
  </datafield>
</record>
</collection>
